@inproceedings{inproceedings,
author = {Hu, Xiao-yu and Rodriguez, Pablo and Biersack, Ernst},
year = {2000},
month = {04},
pages = {},
title = {Performance Study of Satellite-Linked Web Caches and Filtering Policies},
isbn = {978-3-540-67506-8},
journal = {Lecture Notes in Computer Science},
doi = {10.1007/3-540-45551-5_49}
}